<collection xmlns="http://www.loc.gov/MARC21/slim">
<record>
  <leader>01893nam0a22003491i 450 </leader>
  <controlfield tag="001">IT\ICCU\CNCE\024386</controlfield>
  <controlfield tag="005">20140227000000.0</controlfield>
  <datafield tag="012" ind1=" " ind2=" ">
    <subfield code="a">m*co o-o, u-re rumu (3) 1584 (R)</subfield>
    <subfield code="2">fei</subfield>
  </datafield>
  <datafield tag="100" ind1=" " ind2=" ">
    <subfield code="a">19970822d1584        0itac0103    ba</subfield>
  </datafield>
  <datafield tag="101" ind1=" " ind2=" ">
    <subfield code="a">LAT</subfield>
  </datafield>
  <datafield tag="102" ind1=" " ind2=" ">
    <subfield code="a">IT</subfield>
  </datafield>
  <datafield tag="200" ind1="1" ind2=" ">
    <subfield code="a">Synodus dioecesana Mediolanensis vndecima quam Carolus S.R.E. pres. card. tit. S. Praxedis archiepiscopus Mediolani habuit anno a Chr. nat. MDXXCIV</subfield>
  </datafield>
  <datafield tag="210" ind1=" " ind2=" ">
    <subfield code="a">Mediolani</subfield>
    <subfield code="c">ex officina Pacifici Pontij</subfield>
    <subfield code="d">impressoris Curiae archiepisc.</subfield>
    <subfield code="d">1584</subfield>
  </datafield>
  <datafield tag="215" ind1=" " ind2=" ">
    <subfield code="a">\4!, 66 c.</subfield>
    <subfield code="d">8ʻ</subfield>
  </datafield>
  <datafield tag="620" ind1=" " ind2=" ">
    <subfield code="a">IT</subfield>
    <subfield code="d">Milano</subfield>
  </datafield>
  <datafield tag="710" ind1="0" ind2="2">
    <subfield code="a">Milano</subfield>
    <subfield code="c"> &lt;Arcidiocesi&gt;</subfield>
    <subfield code="3">7106</subfield>
  </datafield>
  <datafield tag="712" ind1="0" ind2="0">
    <subfield code="a">Da_Ponte, Pacifico</subfield>
    <subfield code="3">IT\ICCU\CNCT\000162</subfield>
    <subfield code="4">650</subfield>
  </datafield>
  <datafield tag="791" ind1="0" ind2="0">
    <subfield code="a">Pontius, Pacificus</subfield>
    <subfield code="3">IT\ICCU\CNCT\003713</subfield>
    <subfield code="z">Da_Ponte, Pacifico</subfield>
  </datafield>
  <datafield tag="791" ind1="0" ind2="0">
    <subfield code="a">Ponte, Pacifico da</subfield>
    <subfield code="3">IT\ICCU\CNCT\003714</subfield>
    <subfield code="z">Da_Ponte, Pacifico</subfield>
  </datafield>
  <datafield tag="791" ind1="0" ind2="0">
    <subfield code="a">Pontio, Pacifico</subfield>
    <subfield code="3">IT\ICCU\CNCT\004493</subfield>
    <subfield code="z">Da_Ponte, Pacifico</subfield>
  </datafield>
  <datafield tag="791" ind1="0" ind2="0">
    <subfield code="a">Ponticus, Pacificus</subfield>
    <subfield code="3">IT\ICCU\CNCT\004494</subfield>
    <subfield code="z">Da_Ponte, Pacifico</subfield>
  </datafield>
  <datafield tag="791" ind1="0" ind2="0">
    <subfield code="a">Ponzio, Pacifico</subfield>
    <subfield code="3">IT\ICCU\CNCT\004496</subfield>
    <subfield code="z">Da_Ponte, Pacifico</subfield>
  </datafield>
  <datafield tag="801" ind1=" " ind2="3">
    <subfield code="a">IT</subfield>
    <subfield code="b">ICCU</subfield>
    <subfield code="c">20201114</subfield>
  </datafield>
  <datafield tag="899" ind1=" " ind2=" ">
    <subfield code="a">Biblioteca del Convento francescano. Dongo</subfield>
    <subfield code="1">CO0075</subfield>
    <subfield code="2">ZCO 04</subfield>
  </datafield>
  <datafield tag="899" ind1=" " ind2=" ">
    <subfield code="a">Biblioteca Ambrosiana. Milano</subfield>
    <subfield code="1">MI0133</subfield>
    <subfield code="2">VBA 01</subfield>
  </datafield>
  <datafield tag="899" ind1=" " ind2=" ">
    <subfield code="a">Biblioteca nazionale Braidense. Milano</subfield>
    <subfield code="z">MUTILO</subfield>
    <subfield code="1">MI0185</subfield>
    <subfield code="2">MIL NB</subfield>
  </datafield>
  <datafield tag="899" ind1=" " ind2=" ">
    <subfield code="a">Biblioteca della Societ ̉storica lombarda. Milano</subfield>
    <subfield code="1">MI0255</subfield>
    <subfield code="2">MIL ST</subfield>
  </datafield>
  <datafield tag="899" ind1=" " ind2=" ">
    <subfield code="a">Biblioteca e Archivio del Capitolo metropolitano. Milano</subfield>
    <subfield code="1">MI0489</subfield>
    <subfield code="2">PBE C0</subfield>
  </datafield>
  <datafield tag="899" ind1=" " ind2=" ">
    <subfield code="a">Biblioteca dell&apos;Archivio storico diocesano di Milano. Milano</subfield>
    <subfield code="1">MI0524</subfield>
    <subfield code="2">ZMI 46</subfield>
  </datafield>
  <datafield tag="899" ind1=" " ind2=" ">
    <subfield code="a">Fondazione Biblioteca S. Bernardino. Trento</subfield>
    <subfield code="1">TN0122</subfield>
    <subfield code="2">ZTN 18</subfield>
  </datafield>
  <datafield tag="911" ind1=" " ind2=" ">
    <subfield code="a">Sul front.</subfield>
    <subfield code="9">IT\ICCU\CNCM\000392</subfield>
  </datafield>
  <datafield tag="921" ind1=" " ind2=" ">
    <subfield code="a">IT\ICCU\CNCM\000392</subfield>
    <subfield code="b">S. Ambrogio benedicente con mitria e pastorale tra i SS. Gervasio e Protasio.</subfield>
    <subfield code="e">Tales ambio defensores.</subfield>
    <subfield code="c">V113</subfield>
    <subfield code="c">Z33</subfield>
    <subfield code="d">Dimensioni: 5 x 5</subfield>
    <subfield code="f">AMBROGIO</subfield>
    <subfield code="f">GERVASIO</subfield>
    <subfield code="f">PROTASIO</subfield>
    <subfield code="f">TALESAMBIO</subfield>
    <subfield code="g">1576-1599</subfield>
  </datafield>
</record>
</collection>
